% This file was created with JabRef 2.7.2.
% Encoding: UTF-8

@ARTICLE{BEUSCH1972,
  author = {Beusch, H. and Wicke, E. and Fieguth, P.},
  title = {Thermally and Kinetically Produced Instabilities In Reaction Behavior
	of Individual Catalyst Grains},
  journal = {Chemie Ingenieur Technik},
  year = {1972},
  volume = {44},
  pages = {445--451},
  number = {7},
  af = {BEUSCH, HEOLEOLWICKE, EEOLEOLFIEGUTH, P},
  doi = {10.1002/cite.330440702},
  ga = {M0711},
  j9 = {CHEM-ING-TECH},
  ji = {Chem. Ing. Tech.},
  la = {German},
  nr = {11},
  owner = {robert},
  pa = {MUHLENSTRASSE 33-34, D-13187 BERLIN, GERMANY},
  pg = {0},
  pi = {BERLIN},
  publisher = {Wiley-v C H Verlag Gmbh},
  sc = {Engineering},
  sn = {0009-286X},
  tc = {141},
  timestamp = {2012.04.09},
  ut = {WOS:A1972M071100001},
  wc = {Engineering, Chemical},
  z9 = {141}
}

@ARTICLE{Biacchi2011,
  author = {Biacchi, A. J. and Schaak, R. E.},
  title = {The Solvent Matters: Kinetic versus Thermodynamic Shape Control in
	the Polyol Synthesis of Rhodium Nanoparticles},
  journal = {Acs Nano},
  year = {2011},
  volume = {5},
  pages = {8089--8099},
  number = {10},
  month = oct,
  __markedentry = {[robertj:6]},
  af = {Biacchi, Adam J.EOLEOLSchaak, Raymond E.},
  c1 = {[Schaak, Raymond E.] Penn State Univ, Dept Chem, University Pk, PA
	16802 USA.EOLEOLPenn State Univ, Mat Res Inst, University Pk, PA
	16802 USA.},
  de = {rhodium nanoparticles; nanoparticle synthesis; polyol process; shapeEOLEOLcontrolled-nanoparticles},
  doi = {10.1021/nn2026758},
  em = {schaak@chem.psu.edu},
  fu = {National Science Foundation (NSF)[DMR-0748943]},
  fx = {This work was supported by the National Science Foundation (NSFEOLEOLDMR-0748943).
	Electron microscopy was performed at the ElectronEOLEOLMicroscopy
	Facility at the Huck Institutes of the Life Sciences and atEOLEOLthe
	Materials Characterization Facility of the Penn State MaterialsEOLEOLResearch
	Institute.},
  ga = {837MU},
  j9 = {ACS NANO},
  ji = {ACS Nano},
  keywords = {PLATINUM NANOCRYSTALS; RUTHENIUM NANOPARTICLES; HYDROGENATION CATALYST;
	METAL NANOCRYSTALS; COLLOIDAL RHODIUM; FACILE SYNTHESIS; UNIFORM
	SHAPE; CO OXIDATION; SIZE; REDUCTION},
  la = {English},
  nr = {62},
  owner = {robertj},
  pa = {1155 16TH ST, NW, WASHINGTON, DC 20036 USA},
  pg = {11},
  pi = {WASHINGTON},
  publisher = {Amer Chemical Soc},
  rp = {Schaak, RE (reprint author), Penn State Univ, Dept Chem, University
	Pk, PA 16802 USA},
  sc = {Chemistry; Science & Technology - Other Topics; Materials Science},
  sn = {1936-0851},
  tc = {0},
  timestamp = {2012.04.19},
  ut = {WOS:000296208700061},
  wc = {Chemistry, Multidisciplinary; Chemistry, Physical; Nanoscience &EOLEOLNanotechnology;
	Materials Science, Multidisciplinary},
  z9 = {0}
}

@ARTICLE{Carlsson2006,
  author = {Carlsson, P. A. and Zhdanov, V. P. and Skoglundh, M.},
  title = {Self-sustained kinetic oscillations in CO oxidation over silica-supported
	Pt},
  journal = {Physical Chemistry Chemical Physics},
  year = {2006},
  volume = {8},
  pages = {2703--2706},
  number = {23},
  af = {Carlsson, PAEOLEOLZhdanov, VPEOLEOLSkoglundh, M},
  c1 = {Chalmers Univ Technol, Competence Ctr Catalysis, SE-41296 Gothenburg,
	Sweden.EOLEOLRussian Acad Sci, Boreskov Inst Catalysis, Novosibirsk
	630090, Russia.EOLEOLChalmers Univ Technol, SE-41296 Gothenburg,
	Sweden.},
  doi = {10.1039/b602958b},
  em = {perc@chemeng.chalmers.se},
  ga = {050ZO},
  j9 = {PHYS CHEM CHEM PHYS},
  ji = {Phys. Chem. Chem. Phys.},
  keywords = {HETEROGENEOUS CATALYSIS; PT/SIO2; PLATINUM; STABILITY; MECHANISM;
	PD},
  la = {English},
  nr = {26},
  owner = {robertj},
  pa = {THOMAS GRAHAM HOUSE, SCIENCE PARK, MILTON RD, CAMBRIDGE CB4 0WF, CAMBS,EOLEOLENGLAND},
  pg = {4},
  pi = {CAMBRIDGE},
  publisher = {Royal Soc Chemistry},
  rp = {Carlsson, PA (reprint author), Chalmers Univ Technol, Competence Ctr
	Catalysis, SE-41296 Gothenburg, Sweden},
  sc = {Chemistry; Physics},
  sn = {1463-9076},
  tc = {21},
  timestamp = {2012.01.26},
  ut = {WOS:000238130000005},
  wc = {Chemistry, Physical; Physics, Atomic, Molecular & Chemical},
  z9 = {21}
}

@BOOK{IbsBog,
  title = {Concepts of Modern Catalysis and Kinetics},
  publisher = {Wiley-VCH, Weinheim},
  year = {2007},
  author = {I. Chorkendorff and H. Niemantsverdriet},
  owner = {robert},
  timestamp = {2012.04.09}
}

@ARTICLE{EISWIRTH1986,
  author = {Eiswirth, M. and Ertl, G.},
  title = {Kinetic Oscillations In the Catalytic CO Oxidation On A Pt(110) Surface},
  journal = {Surface Science},
  year = {1986},
  volume = {177},
  pages = {90--100},
  number = {1},
  month = nov,
  af = {EISWIRTH, MEOLEOLERTL, G},
  doi = {10.1016/0039-6028(86)90259-1},
  ga = {E7133},
  j9 = {SURF SCI},
  ji = {Surf. Sci.},
  la = {English},
  nr = {26},
  owner = {robert},
  pa = {PO BOX 211, 1000 AE AMSTERDAM, NETHERLANDS},
  pg = {11},
  pi = {AMSTERDAM},
  publisher = {Elsevier Science Bv},
  rp = {EISWIRTH, M (reprint author), UNIV MUNICH,INST PHYS CHEM,D-8000 MUNICH
	2,FED REP GER},
  sc = {Chemistry; Physics},
  sn = {0039-6028},
  tc = {150},
  timestamp = {2012.04.09},
  ut = {WOS:A1986E713300014},
  wc = {Chemistry, Physical; Physics, Condensed Matter},
  z9 = {150}
}

@ARTICLE{Elton1924,
  author = {Elton, C.},
  title = {Periodic fluctuations in the numbers of animals - Their causes and
	effects},
  journal = {British Journal of Experimental Biology},
  year = {1924},
  volume = {2},
  pages = {119--163},
  number = {1},
  month = oct,
  af = {Elton, CS},
  ga = {V09HN},
  j9 = {BR J EXP BIOL},
  ji = {Br. J. Exp. Biol.},
  la = {English},
  nr = {54},
  owner = {robertj},
  pa = {BIDDER BUILDING CAMBRIDGE COMMERCIAL PARK COWLEY RD, CAMBRIDGE CB4
	4DL,EOLEOLCAMBS, ENGLAND},
  pg = {45},
  pi = {CAMBRIDGE},
  publisher = {Company of Biologists Ltd},
  sc = {Life Sciences & Biomedicine - Other Topics},
  sn = {0366-0788},
  tc = {272},
  timestamp = {2012.04.18},
  ut = {WOS:000200627900009},
  wc = {Biology},
  z9 = {282}
}

@ARTICLE{Elton1942,
  author = {Elton, C. and Nicholson, M.},
  title = {The ten-year cycle in numbers of the lynx in Canada},
  journal = {Journal of Animal Ecology},
  year = {1942},
  volume = {11},
  pages = {215--244},
  af = {Elton, CEOLEOLNicholson, M},
  doi = {10.2307/1358},
  ga = {V19NA},
  j9 = {J ANIM ECOL},
  ji = {J. Anim. Ecol.},
  la = {English},
  nr = {23},
  owner = {robertj},
  pa = {9600 GARSINGTON RD, OXFORD OX4 2DG, OXON, ENGLAND},
  pg = {30},
  pi = {OXFORD},
  publisher = {Blackwell Publishing Ltd},
  sc = {Environmental Sciences & Ecology; Zoology},
  sn = {0021-8790},
  tc = {297},
  timestamp = {2012.04.18},
  ut = {WOS:000201318200014},
  wc = {Ecology; Zoology},
  z9 = {300}
}

@ARTICLE{Ertl2008,
  author = {Ertl, G.},
  title = {Reactions at surfaces: From atoms to complexity (Nobel lecture)},
  journal = {Angewandte Chemie-international Edition},
  year = {2008},
  volume = {47},
  pages = {3524--3535},
  number = {19},
  af = {Ertl, Gerhard},
  c1 = {Max Planck Gesell, Fritz Haber Inst, D-14195 Berlin, Germany.},
  de = {ammonia synthesis; carbon monoxide; Nobel lecture; oscillatingEOLEOLreactions;
	surface chemistry},
  doi = {10.1002/anie.200800480},
  em = {ertl@fhi-berlin.mpg.de},
  ga = {296FY},
  j9 = {ANGEW CHEM INT EDIT},
  ji = {Angew. Chem.-Int. Edit.},
  keywords = {AMMONIA-SYNTHESIS CATALYSTS; CO OXIDATION; SELF-ORGANIZATION; SOLID-SURFACES;
	SPIRAL WAVES; PT(110); DESORPTION; MECHANISM; DIFFUSION; ADSORPTION},
  la = {English},
  nr = {65},
  owner = {robert},
  pa = {PO BOX 10 11 61, D-69451 WEINHEIM, GERMANY},
  pg = {12},
  pi = {WEINHEIM},
  publisher = {Wiley-v C H Verlag Gmbh},
  rp = {Ertl, G (reprint author), Max Planck Gesell, Fritz Haber Inst, D-14195
	Berlin, Germany},
  sc = {Chemistry},
  sn = {1433-7851},
  tc = {117},
  timestamp = {2012.02.07},
  ut = {WOS:000255530100008},
  wc = {Chemistry, Multidisciplinary},
  z9 = {117}
}

@BOOK{NicolisBog,
  title = {Self-Organization in Nonequilibrium Systems: From Dissipative Structures
	to Order through Fluctuations},
  publisher = {Wiley, New York},
  year = {1977},
  author = {G. Nicolis, I. Prigogine},
  owner = {robert},
  timestamp = {2012.04.09}
}

@ARTICLE{Gong2004,
  author = {Gong, X. Q. and Raval, R. and Hu, P.},
  title = {General insight into CO oxidation: A density functional theory study
	of the reaction mechanism on platinum oxides},
  journal = {Physical Review Letters},
  year = {2004},
  volume = {93},
  pages = {106104},
  number = {10},
  month = sep,
  af = {Gong, XQEOLEOLRaval, REOLEOLHu, P},
  c1 = {Queens Univ Belfast, Sch Chem, Belfast BT9 5AG, Antrim, North Ireland.EOLEOLUniv
	Liverpool, Surface Sci Res Ctr, Liverpool L69 3BX, Merseyside, England.},
  doi = {10.1103/PhysRevLett.93.106104},
  em = {p.hu@qub.ac.uk},
  ga = {851WQ},
  j9 = {PHYS REV LETT},
  ji = {Phys. Rev. Lett.},
  keywords = {SURFACES; RUO2(110); COVERAGES; KINETICS; WATER},
  la = {English},
  nr = {25},
  owner = {thomas},
  pa = {ONE PHYSICS ELLIPSE, COLLEGE PK, MD 20740-3844 USA},
  pg = {4},
  pi = {COLLEGE PK},
  publisher = {American Physical Soc},
  rp = {Hu, P (reprint author), Queens Univ Belfast, Sch Chem, Belfast BT9
	5AG, Antrim, North Ireland},
  sc = {Physics},
  sn = {0031-9007},
  tc = {20},
  timestamp = {2012.01.09},
  ut = {WOS:000223717600037},
  wc = {Physics, Multidisciplinary},
  z9 = {20}
}

@BOOK{HakenBog,
  title = {Synergetics, an Introduction},
  publisher = {Springer, Heidelberg},
  year = {1977},
  author = {Haken, H.},
  owner = {robert},
  timestamp = {2012.04.09}
}

@ARTICLE{Hansen2002,
  author = {Hansen, P. L. and Wagner, J. B. and Helveg, S. and Rostrup-Nielsen,
	J. R. and Clausen, B. S. and Topsoe, H.},
  title = {Atom-resolved imaging of dynamic shape changes in supported copper
	nanocrystals},
  journal = {Science},
  year = {2002},
  volume = {295},
  pages = {2053--2055},
  number = {5562},
  month = mar,
  af = {Hansen, PLEOLEOLWagner, JBEOLEOLHelveg, SEOLEOLRostrup-Nielsen, JREOLEOLClausen,
	BSEOLEOLTopsoe, H},
  c1 = {Haldor Topsoe Res Labs, DK-2800 Lyngby, Denmark.EOLEOLUniv Copenhagen,
	NBlfAFG, DK-2100 Copenhagen O, Denmark.},
  doi = {10.1126/science.1069325},
  ga = {532AY},
  j9 = {SCIENCE},
  ji = {Science},
  keywords = {STRUCTURAL-CHANGES; METHANOL SYNTHESIS; CU/ZNO CATALYSTS; PARTICLES;
	SURFACE; HREM; DIFFRACTION; SIMULATION; RESOLUTION; CLUSTERS},
  la = {English},
  nr = {38},
  owner = {robert},
  pa = {1200 NEW YORK AVE, NW, WASHINGTON, DC 20005 USA},
  pg = {3},
  pi = {WASHINGTON},
  publisher = {Amer Assoc Advancement Science},
  rp = {Hansen, PL (reprint author), Haldor Topsoe Res Labs, Nymollevej 55,
	DK-2800 Lyngby, Denmark},
  sc = {Science & Technology - Other Topics},
  sn = {0036-8075},
  tc = {318},
  timestamp = {2012.04.09},
  ut = {WOS:000174450500041},
  wc = {Multidisciplinary Sciences},
  z9 = {321}
}

@ARTICLE{Hendriksen2010,
  author = {Hendriksen, B. L. M. and Ackermann, M. D. and van Rijn, R. and Stoltz,
	D. and Popa, I. and Balmes, O. and Resta, A. and Wermeille, D. and
	Felici, R. and Ferrer, S. and Frenken, J. W. M.},
  title = {The role of steps in surface catalysis and reaction oscillations},
  journal = {Nature Chemistry},
  year = {2010},
  volume = {2},
  pages = {730--734},
  number = {9},
  month = sep,
  af = {Hendriksen, Bas L. M.EOLEOLAckermann, Marcelo D.EOLEOLvan Rijn, RichardEOLEOLStoltz,
	DunjaEOLEOLPopa, IoanaEOLEOLBalmes, OlivierEOLEOLResta, AndreaEOLEOLWermeille,
	DidierEOLEOLFelici, RobertoEOLEOLFerrer, SalvadorEOLEOLFrenken, Joost
	W. M.},
  c1 = {[Hendriksen, Bas L. M.; Ackermann, Marcelo D.; van Rijn, Richard;
	Stoltz, Dunja; Frenken, Joost W. M.] Leiden Univ, Kamerlingh Onnes
	Lab, NL-2300 RA Leiden, Netherlands.EOLEOL[Ackermann, Marcelo D.;
	van Rijn, Richard; Popa, Ioana; Balmes, Olivier; Resta, Andrea; Wermeille,
	Didier; Felici, Roberto; Ferrer, Salvador] European Synchrotron Radiat
	Facil, F-38043 Grenoble, France.},
  doi = {10.1038/nchem.728},
  em = {frenken@physics.leidenuniv.nl},
  fu = {ESRF; Stichting Technische Wetenschappen (STW); Nederlandse OrganisatieEOLEOLvoor
	Wetenschappelijk Onderzoek (NWO); EuropeanEOLEOLCommission[NMP3-CT-2003-505670
	(NANO2)]},
  fx = {The authors acknowledge E. Lundgren for providing a palladium crystalEOLEOLand
	the ESRF staff for support. This work has been financially supportedEOLEOLby
	the Stichting Technische Wetenschappen (STW), the NederlandseEOLEOLOrganisatie
	voor Wetenschappelijk Onderzoek (NWO) and the EuropeanEOLEOLCommission
	under contract no. NMP3-CT-2003-505670 (NANO2).},
  ga = {642CF},
  j9 = {NAT CHEM},
  ji = {Nat. Chem.},
  keywords = {SCANNING-TUNNELING-MICROSCOPY; CO OXIDATION; HETEROGENEOUS CATALYSIS;
	MORPHOLOGY; ADSORPTION; METALS; SITES},
  la = {English},
  nr = {28},
  owner = {thomas},
  pa = {MACMILLAN BUILDING, 4 CRINAN ST, LONDON N1 9XW, ENGLAND},
  pg = {5},
  pi = {LONDON},
  publisher = {Nature Publishing Group},
  rp = {Hendriksen, BLM (reprint author), Leiden Univ, Kamerlingh Onnes Lab,
	POB 9504, NL-2300 RA Leiden, Netherlands},
  sc = {Chemistry},
  sn = {1755-4330},
  tc = {9},
  timestamp = {2012.01.09},
  ut = {WOS:000281180200011},
  wc = {Chemistry, Multidisciplinary},
  z9 = {9}
}

@ARTICLE{Hendriksen2005,
  author = {Hendriksen, B. L. M. and Bobaru, S. C. and Frenken, J. W. M.},
  title = {Bistability and oscillations in CO oxidation studied with scanning
	tunnelling microscopy inside a reactor},
  journal = {Catalysis Today},
  year = {2005},
  volume = {105},
  pages = {234--243},
  number = {2},
  month = jul,
  af = {Hendriksen, BLMEOLEOLBobaru, SCEOLEOLFrenken, JWM},
  c1 = {Leiden Univ, Kamerlingh Onnes Lab, NL-2300 RA Leiden, Netherlands.},
  de = {models of surface chemical reactions; scanning tunnelling microscopy;EOLEOLcatalysis;
	oxidation; palladium; platinum; carbon monoxide; singleEOLEOLcrystal
	surfaces; solid-gas interfaces},
  doi = {10.1016/j.cattod.2005.02.041},
  em = {frenken@physics.leidenuniv.nl},
  ga = {953AD},
  j9 = {CATAL TODAY},
  ji = {Catal. Today},
  keywords = {SPATIOTEMPORAL SELF-ORGANIZATION; IMAGING PATTERN-FORMATION; KINETIC
	OSCILLATIONS; SUBSURFACE OXYGEN; PT(110) SURFACE; HETEROGENEOUS CATALYSIS;
	ATMOSPHERIC PRESSURES; ETHYLENE OXIDATION; PLATINUM CATALYSTS; SOLID-SURFACES},
  la = {English},
  nr = {64},
  owner = {thomas},
  pa = {PO BOX 211, 1000 AE AMSTERDAM, NETHERLANDS},
  pg = {10},
  pi = {AMSTERDAM},
  publisher = {Elsevier Science Bv},
  rp = {Frenken, JWM (reprint author), Leiden Univ, Kamerlingh Onnes Lab,
	POB 9504, NL-2300 RA Leiden, Netherlands},
  sc = {Chemistry; Engineering},
  sn = {0920-5861},
  tc = {34},
  timestamp = {2012.01.09},
  ut = {WOS:000231046900005},
  wc = {Chemistry, Applied; Chemistry, Physical; Engineering, Chemical},
  z9 = {34}
}

@ARTICLE{Hendriksen2002,
  author = {Hendriksen, B. L. M. and Frenken, J. W. M.},
  title = {CO oxidation on Pt(110): Scanning tunneling microscopy inside a high-pressure
	flow reactor},
  journal = {Physical Review Letters},
  year = {2002},
  volume = {89},
  pages = {046101},
  number = {4},
  month = jul,
  af = {Hendriksen, BLMEOLEOLFrenken, JWM},
  c1 = {Leiden Univ, Kamerlingh Onnes Lab, NL-2300 RA Leiden, Netherlands.},
  citedreferences = {Over H, 2000, SCIENCE, V287, P1474 ; Peters KF, 2000, SURF SCI, V467,
	P10 ; FLYTZANI-STEPHANOPOULOS M, 1977, J CATAL, V49, P51 ; MARS P,
	1954, CHEM ENG SCI S, V3, P41 ; GRITSCH T, 1989, PHYS REV LETT, V63,
	P1086 ; SOMORJAI GA, 1994, INTRO SURFACE CHEM C ; Osterlund L, 2001,
	PHYS REV LETT, V86, P460 ; YEATES RC, 1985, SURF SCI, V149, P175
	; MALLENS EPJ, 1995, CATAL LETT, V33, P291 ; TURNER JE, 1981, SURF
	SCI, V109, P591 ; ENGEL T, 1979, ADV CATALYSIS ; WILSON J, 1995,
	J PHYS CHEM-US, V99, P7860 ; Rasmussen PB, 1998, REV SCI INSTRUM,
	V69, P3879 ; *EPAPS, EPRLTAO89028229 EPAP ; MCINTYRE BJ, 1993, J
	VAC SCI TECHNOL A, V11, P1964 ; TURNER JE, 1981, SURF SCI, V103,
	P54 ; ITAYA K, 1990, J VAC SCI TECHNOL A, V8, P515 ; HENDRIKSEN BLM,
	IN PRESS ; GALWEY AK, 1985, NATURE, V313, P668 ; ERTL G, 1993, SURF
	SCI, V287, P1},
  doi = {10.1103/PhysRevLett.89.046101},
  ga = {572HQ},
  j9 = {PHYS REV LETT},
  ji = {Phys. Rev. Lett.},
  keywords = {OSCILLATORY OXIDATION; SURFACE; PLATINUM; REACTIVITY; CATALYSTS; MECHANISM},
  la = {English},
  nr = {20},
  owner = {robertj},
  pa = {ONE PHYSICS ELLIPSE, COLLEGE PK, MD 20740-3844 USA},
  pg = {4},
  pi = {COLLEGE PK},
  publisher = {American Physical Soc},
  rp = {Hendriksen, BLM (reprint author), Leiden Univ, Kamerlingh Onnes Lab,
	POB 9504, NL-2300 RA Leiden, Netherlands},
  sc = {Physics},
  sn = {0031-9007},
  tc = {184},
  timestamp = {2012.01.26},
  ut = {WOS:000176768700021},
  wc = {Physics, Multidisciplinary},
  z9 = {184}
}

@ARTICLE{Henriksen2009,
  author = {Henriksen, T. R. and Olsen, J. L. and Vesborg, P. and Chorkendorff,
	I. and Hansen, O.},
  title = {Highly sensitive silicon microreactor for catalyst testing},
  journal = {Review of Scientific Instruments},
  year = {2009},
  volume = {80},
  pages = {124101},
  number = {12},
  month = dec,
  af = {Henriksen, Toke R.EOLEOLOlsen, Jakob L.EOLEOLVesborg, PeterEOLEOLChorkendorff,
	IbEOLEOLHansen, Ole},
  c1 = {[Henriksen, Toke R.; Hansen, Ole] Tech Univ Denmark, Dept Micro &
	Nanotechnol, DK-2800 Lyngby, Denmark.EOLEOL[Henriksen, Toke R.; Olsen,
	Jakob L.; Vesborg, Peter; Chorkendorff, Ib; Hansen, Ole] Tech Univ
	Denmark, CINF, Danish Natl Res Fdn, Dept Phys, DK-2800 Lyngby, Denmark.},
  doi = {10.1063/1.3270191},
  em = {ole.hansen@nanotech.dtu.dk},
  fu = {Danish National Research Foundation},
  fx = {Center for Individual Nanoparticle Functionality (CINF) is sponsored
	byEOLEOLThe Danish National Research Foundation.},
  ga = {538XJ},
  j9 = {REV SCI INSTRUM},
  ji = {Rev. Sci. Instrum.},
  keywords = {ELECTRON-BEAM LITHOGRAPHY; MODEL CATALYSTS; MICROSTRUCTURED REACTORS;
	OXIDATION; DEPOSITION; CHEMISTRY; METHANE; ARRAYS; GLASS},
  la = {English},
  nr = {30},
  owner = {robertj},
  pa = {CIRCULATION & FULFILLMENT DIV, 2 HUNTINGTON QUADRANGLE, STE 1 N O
	1,EOLEOLMELVILLE, NY 11747-4501 USA},
  pg = {10},
  pi = {MELVILLE},
  publisher = {Amer Inst Physics},
  rp = {Henriksen, TR (reprint author), Tech Univ Denmark, Dept Micro & Nanotechnol,
	DTU Nanotech Bldg 345 E, DK-2800 Lyngby, Denmark},
  sc = {Instruments & Instrumentation; Physics},
  sn = {0034-6748},
  tc = {6},
  timestamp = {2012.01.09},
  ut = {WOS:000273217300032},
  wc = {Instruments & Instrumentation; Physics, Applied},
  z9 = {6}
}

@ARTICLE{Ibele2010,
  author = {Ibele, M. E. and Lammert, P. E. and Crespi, V. H. and Sen, A.},
  title = {Emergent, Collective Oscillations of Self-Mobile Particles and Patterned
	Surfaces under Redox Conditions},
  journal = {Acs Nano},
  year = {2010},
  volume = {4},
  pages = {4845--4851},
  number = {8},
  month = aug,
  af = {Ibele, Michael E.EOLEOLLammert, Paul E.EOLEOLCrespi, Vincent H.EOLEOLSen,
	Ayusman},
  c1 = {[Ibele, Michael E.; Sen, Ayusman] Penn State Univ, Dept Chem, University
	Pk, PA 16802 USA.EOLEOL[Lammert, Paul E.; Crespi, Vincent H.] Penn
	State Univ, Dept Phys, University Pk, PA 16802 USA.},
  de = {colloids; oscillating reaction; nanomotor; collective behavior;EOLEOLcatalysis},
  doi = {10.1021/nn101289p},
  em = {vhc2@psu.eduEOLEOLasen@psu.edu},
  fu = {Pennsylvania State University Materials Research Institute NanoEOLEOLFabrication
	Network; National Science Foundation[0335765]; NationalEOLEOLNanotechnology
	Infrastructure Network, with Cornell University; NationalEOLEOLScience
	Foundation came from the Center for Nanoscale ScienceEOLEOL(NSF-MRSEC)[DMR-0820404]},
  ga = {640LM},
  j9 = {ACS NANO},
  ji = {ACS Nano},
  keywords = {CONCENTRATED HYDROGEN-PEROXIDE; LIQUID-PHASE; SYNCHRONIZATION; DECOMPOSITION;
	MECHANISM; KINETICS; STRIPES; WATER; SKIN},
  la = {English},
  nr = {37},
  owner = {robertj},
  pa = {1155 16TH ST, NW, WASHINGTON, DC 20036 USA},
  pg = {7},
  pi = {WASHINGTON},
  publisher = {Amer Chemical Soc},
  rp = {Sen, A (reprint author), Penn State Univ, Dept Chem, University Pk,
	PA 16802 USA},
  sc = {Chemistry; Science & Technology - Other Topics; Materials Science},
  sn = {1936-0851},
  tc = {6},
  timestamp = {2012.04.19},
  ut = {WOS:000281052700062},
  wc = {Chemistry, Multidisciplinary; Chemistry, Physical; Nanoscience &EOLEOLNanotechnology;
	Materials Science, Multidisciplinary},
  z9 = {6}
}

@ARTICLE{IMBIHL1995,
  author = {Imbihl, R. and Ertl, G.},
  title = {Oscillatory Kinetics In Heterogeneous Catalysis},
  journal = {Chemical Reviews},
  year = {1995},
  volume = {95},
  pages = {697--733},
  number = {3},
  month = may,
  af = {IMBIHL, REOLEOLERTL, G},
  c1 = {MAX PLANCK GESELL,FRITZ HABER INST,D-14195 BERLIN,GERMANY.},
  doi = {10.1021/cr00035a012},
  ga = {QX743},
  j9 = {CHEM REV},
  ji = {Chem. Rev.},
  keywords = {THERMAL-DESORPTION SPECTROSCOPY; REFLECTION ELECTRON-MICROSCOPY; CARBON-MONOXIDE
	OXIDATION; SPATIAL PATTERN-FORMATION; SPATIOTEMPORAL TEMPERATURE
	PATTERNS; ISOTHERMAL SUSTAINED OSCILLATIONS; NITRIC-OXIDE DECOMPOSITION;
	SURFACE-REACTION DYNAMICS; HYDROGEN OXYGEN REACTION; SINGLE-CRYSTAL
	SURFACES},
  la = {English},
  nr = {367},
  owner = {robert},
  pa = {PO BOX 57136, WASHINGTON, DC 20037-0136},
  pg = {37},
  pi = {WASHINGTON},
  publisher = {Amer Chemical Soc},
  sc = {Chemistry},
  sn = {0009-2665},
  tc = {662},
  timestamp = {2012.04.09},
  ut = {WOS:A1995QX74300012},
  wc = {Chemistry, Multidisciplinary},
  z9 = {676}
}

@ARTICLE{JAKUBITH1990,
  author = {Jakubith, S. and Rotermund, H. H. and Engel, W. and Vonoertzen, A.
	and Ertl, G.},
  title = {Spatiotemporal Concentration Patterns In A Surface-reaction - Propagating
	and Standing Waves, Rotating Spirals, and Turbulence},
  journal = {Physical Review Letters},
  year = {1990},
  volume = {65},
  pages = {3013--3016},
  number = {24},
  month = dec,
  af = {JAKUBITH, SEOLEOLROTERMUND, HHEOLEOLENGEL, WEOLEOLVONOERTZEN, AEOLEOLERTL,
	G},
  doi = {10.1103/PhysRevLett.65.3013},
  ga = {EL840},
  j9 = {PHYS REV LETT},
  ji = {Phys. Rev. Lett.},
  la = {English},
  nr = {27},
  owner = {robert},
  pa = {ONE PHYSICS ELLIPSE, COLLEGE PK, MD 20740-3844 USA},
  pg = {4},
  pi = {COLLEGE PK},
  publisher = {American Physical Soc},
  rp = {JAKUBITH, S (reprint author), MAX PLANCK GESELL,FRITZ HABER INST,FARADAYWEG
	4-6,W-1000 BERLIN 33,GERMANY},
  sc = {Physics},
  sn = {0031-9007},
  tc = {475},
  timestamp = {2012.04.09},
  ut = {WOS:A1990EL84000024},
  wc = {Physics, Multidisciplinary},
  z9 = {483}
}

@ARTICLE{Kielland2010,
  author = {Kielland, K. and Olson, K. and Euskirchen, E.},
  title = {Demography of snowshoe hares in relation to regional climate variability
	during a 10-year population cycle in interior Alaska},
  journal = {Canadian Journal of Forest Research-revue Canadienne De Recherche
	Forestiere},
  year = {2010},
  volume = {40},
  pages = {1265--1272},
  number = {7},
  month = jul,
  af = {Kielland, K.EOLEOLOlson, K.EOLEOLEuskirchen, E.},
  c1 = {[Kielland, K.; Olson, K.; Euskirchen, E.] Univ Alaska, Inst Arctic
	Biol, Fairbanks, AK 99775 USA.},
  doi = {10.1139/X10-053},
  em = {kkielland@alaska.edu},
  fu = {NSF[DEB-0423442]; USDA Forest Service, Pacific Northwest ResearchEOLEOLStation[PNW01-JV11261952-231]},
  ga = {642JO},
  j9 = {CAN J FOREST RES},
  ji = {Can. J. For. Res.-Rev. Can. Rech. For.},
  keywords = {TANANA RIVER; CANADA; LYNX; FLOODPLAIN; FOREST; FOOD; REPRODUCTION;
	SUCCESSION; VEGETATION; RESPONSES},
  la = {English},
  nr = {49},
  owner = {robertj},
  pa = {1200 MONTREAL ROAD, BUILDING M-55, OTTAWA, ON K1A 0R6, CANADA},
  pg = {8},
  pi = {OTTAWA},
  publisher = {Canadian Science Publishing, Nrc Research Press},
  rp = {Kielland, K (reprint author), Univ Alaska, Inst Arctic Biol, Fairbanks,
	AK 99775 USA},
  sc = {Forestry},
  sn = {0045-5067},
  tc = {0},
  timestamp = {2012.04.18},
  ut = {WOS:000281208900006},
  wc = {Forestry},
  z9 = {0}
}

@ARTICLE{Lockwood2007,
  author = {Lockwood, M. and Frohlich, C.},
  title = {Recent oppositely directed trends in solar climate forcings and the
	global mean surface air temperature},
  journal = {Proceedings of the Royal Society A-mathematical Physical and Engineering
	Sciences},
  year = {2007},
  volume = {463},
  pages = {2447--2460},
  number = {2086},
  month = oct,
  af = {Lockwood, MikeEOLEOLFroehlich, Claus},
  c1 = {Rutherford Appleton Lab, Chilton OX11 0QX, Oxon, England.EOLEOLUniv
	Southampton, Sch Phys & Astron, Space Environm Phys Grp, Southampton
	SO17 1BJ, Hants, England.EOLEOLWorld Radiat Ctr, Phys Meteorol Observatorium
	Davos, CH-7260 Davos, Switzerland.},
  de = {solar variability and climate; solar-terrestrial physics; anthropogenicEOLEOLclimate
	change},
  doi = {10.1098/rspa.2007.1880},
  em = {m.lockwood@rl.ac.uk},
  ga = {202FO},
  j9 = {P R SOC A},
  ji = {Proc. R. Soc. A-Math. Phys. Eng. Sci.},
  keywords = {EARTHS MAGNETIC-FIELD; GALACTIC COSMIC-RAYS; NORTH-ATLANTIC CLIMATE;
	MAYA CIVILIZATION; HOLOCENE CLIMATE; MAUNDER MINIMUM; ASIAN MONSOON;
	VARIABILITY; IRRADIANCE; SCALE},
  la = {English},
  nr = {70},
  owner = {robert},
  pa = {6-9 CARLTON HOUSE TERRACE, LONDON SW1Y 5AG, ENGLAND},
  pg = {14},
  pi = {LONDON},
  publisher = {Royal Society},
  rp = {Lockwood, M (reprint author), Rutherford Appleton Lab, Chilton OX11
	0QX, Oxon, England},
  sc = {Science & Technology - Other Topics},
  sn = {1364-5021},
  tc = {64},
  timestamp = {2012.04.09},
  ut = {WOS:000248887600004},
  wc = {Multidisciplinary Sciences},
  z9 = {65}
}

@ARTICLE{Lund2000,
  author = {Lund, C. D. and Surko, C. M. and Maple, M. B. and Yamamoto, S. Y.},
  title = {Model discrimination in oscillatory CO oxidation on platinum catalysts
	at atmospheric pressure},
  journal = {Surface Science},
  year = {2000},
  volume = {459},
  pages = {413--425},
  number = {3},
  month = jul,
  af = {Lund, CDEOLEOLSurko, CMEOLEOLMaple, MBEOLEOLYamamoto, SY},
  c1 = {Univ Calif San Diego, Dept Phys, La Jolla, CA 92093 USA.},
  de = {carbon monoxide; catalysis; metallic films; models of surface kinetics;EOLEOLoxidation;
	platinum; polycrystalline surfaces; surface chemical reaction},
  doi = {10.1016/S0039-6028(00)00482-9},
  ga = {334JU},
  j9 = {SURF SCI},
  ji = {Surf. Sci.},
  keywords = {KINETIC OSCILLATIONS; HYDROGEN OXIDATION; CARBON-MONOXIDE; IR CATALYSTS;
	PD; MECHANISMS; DYNAMICS; PULSE},
  la = {English},
  nr = {23},
  owner = {robertj},
  pa = {PO BOX 211, 1000 AE AMSTERDAM, NETHERLANDS},
  pg = {13},
  pi = {AMSTERDAM},
  publisher = {Elsevier Science Bv},
  rp = {Surko, CM (reprint author), Univ Calif San Diego, Dept Phys, La Jolla,
	CA 92093 USA},
  sc = {Chemistry; Physics},
  sn = {0039-6028},
  tc = {17},
  timestamp = {2012.01.09},
  ut = {WOS:000088184000019},
  wc = {Chemistry, Physical; Physics, Condensed Matter},
  z9 = {17}
}

@ARTICLE{Machado2005,
  author = {Machado, E. and Buendia, G. M. and Rikvold, P. A. and Ziff, R. M.},
  title = {Response of a catalytic reaction to periodic variation of the CO
	pressure: Increased CO2 production and dynamic phase transition},
  journal = {Physical Review E},
  year = {2005},
  volume = {71},
  pages = {016120},
  number = {1},
  month = jan,
  af = {Machado, EEOLEOLBuendia, GMEOLEOLRikvold, PAEOLEOLZiff, RM},
  c1 = {Univ Simon Bolivar, Dept Phys, Caracas 1080, Venezuela.EOLEOLFlorida
	State Univ, Sch Computat Sci, Ctr Mat Res & Technol, Tallahassee,
	FL 32306 USA.EOLEOLFlorida State Univ, Dept Phys, Tallahassee, FL
	32306 USA.EOLEOLUniv Michigan, Dept Chem Engn, Ann Arbor, MI 48109
	USA.EOLEOLUniv Michigan, Michigan Ctr Theoret Phys, Ann Arbor, MI
	48109 USA.},
  doi = {10.1103/PhysRevE.71.016120},
  ga = {903XR},
  j9 = {PHYS REV E},
  ji = {Phys. Rev. E},
  keywords = {KINETIC ISING-MODEL; OSCILLATING FIELD; CARBON-MONOXIDE; OXIDATION;
	O2; SURFACES; POINT},
  la = {English},
  nr = {40},
  owner = {robert},
  pa = {ONE PHYSICS ELLIPSE, COLLEGE PK, MD 20740-3844 USA},
  pg = {7},
  pi = {COLLEGE PK},
  pn = {Part 2},
  publisher = {American Physical Soc},
  rp = {Machado, E (reprint author), Univ Simon Bolivar, Dept Phys, Apartado
	89000, Caracas 1080, Venezuela},
  sc = {Physics},
  sn = {1063-651X},
  tc = {35},
  timestamp = {2012.04.09},
  ut = {WOS:000227459400033},
  wc = {Physics, Fluids & Plasmas; Physics, Mathematical},
  z9 = {35}
}

@BOOK{MacLulich,
  title = {Fluctuations in the numbers of the varying hare (Lepus americanus).},
  publisher = {University of Toronto Press},
  year = {1937},
  author = {MacLulich, D. A.},
  owner = {robertj},
  timestamp = {2012.04.18}
}

@ARTICLE{Meunier2008,
  author = {Meunier, F. C.},
  title = {Bridging the Gap between Surface Science and Industrial Catalysis},
  journal = {Acs Nano},
  year = {2008},
  volume = {2},
  pages = {2441--2444},
  number = {12},
  month = dec,
  af = {Meunier, Frederic C.},
  c1 = {Univ Caen, CNRS, ENSICAEN, Catalyse & Spectrochim Lab, F-14050 Caen,
	France.},
  doi = {10.1021/nn800787e},
  em = {frederic.meunier@ensicaen.fr},
  ga = {388MJ},
  j9 = {ACS NANO},
  ji = {ACS Nano},
  keywords = {CERIA; OXIDATION; NANOSCIENCE; CLUSTERS; PRIZE},
  la = {English},
  nr = {17},
  owner = {robertj},
  pa = {1155 16TH ST, NW, WASHINGTON, DC 20036 USA},
  pg = {4},
  pi = {WASHINGTON},
  publisher = {Amer Chemical Soc},
  rp = {Meunier, FC (reprint author), Univ Caen, CNRS, ENSICAEN, Catalyse
	& Spectrochim Lab, F-14050 Caen, France},
  sc = {Chemistry; Science & Technology - Other Topics; Materials Science},
  sn = {1936-0851},
  tc = {10},
  timestamp = {2012.04.19},
  ut = {WOS:000262023600007},
  wc = {Chemistry, Multidisciplinary; Chemistry, Physical; Nanoscience &EOLEOLNanotechnology;
	Materials Science, Multidisciplinary},
  z9 = {10}
}

@ARTICLE{Morud1998,
  author = {Morud, J. C. and Skogestad, S.},
  title = {Analysis of instability in an industrial ammonia reactor RID C-1449-2008},
  journal = {Aiche Journal},
  year = {1998},
  volume = {44},
  pages = {888--895},
  number = {4},
  month = apr,
  af = {Morud, JCEOLEOLSkogestad, S},
  c1 = {Norwegian Univ Sci & Technol, Dept Chem Engn, N-7034 Trondheim, Norway.},
  doi = {10.1002/aic.690440414},
  ga = {ZG320},
  j9 = {AICHE J},
  ji = {AICHE J.},
  la = {English},
  nr = {23},
  owner = {robert},
  pa = {345 E 47TH ST, NEW YORK, NY 10017 USA},
  pg = {8},
  pi = {NEW YORK},
  publisher = {Amer Inst Chemical Engineers},
  rp = {Skogestad, S (reprint author), Norwegian Univ Sci & Technol, Dept
	Chem Engn, N-7034 Trondheim, Norway},
  sc = {Engineering},
  sn = {0001-1541},
  tc = {32},
  timestamp = {2012.04.09},
  ut = {WOS:000072989700013},
  wc = {Engineering, Chemical},
  z9 = {32}
}

@ARTICLE{Nielsen2010,
  author = {Nielsen, R. M. and Murphy, S. and Strebel, C. and Johansson, M. and
	Chorkendorff, I. and Nielsen, J. H.},
  title = {The morphology of mass selected ruthenium nanoparticles from a magnetron-sputter
	gas-aggregation source RID C-7282-2008 RID A-9089-2011},
  journal = {Journal of Nanoparticle Research},
  year = {2010},
  volume = {12},
  pages = {1249--1262},
  number = {4},
  month = may,
  af = {Nielsen, R. M.EOLEOLMurphy, S.EOLEOLStrebel, C.EOLEOLJohansson, M.EOLEOLChorkendorff,
	I.EOLEOLNielsen, J. H.},
  c1 = {[Nielsen, R. M.; Murphy, S.; Strebel, C.; Johansson, M.; Chorkendorff,
	I.; Nielsen, J. H.] Tech Univ Denmark, Ctr Individual Nanoparticle
	Funct, Dept Phys, Nano DTU, DK-2800 Lyngby, Denmark.},
  de = {HOPG; Magnetron-sputter gas-aggregation source; Mass selectedEOLEOLnanoparticles;
	Nanoparticle morphology; Scanning tunneling microscopy;EOLEOLSynthesis
	and characterization; Transmission electron microscopy;EOLEOLRuthenium},
  doi = {10.1007/s11051-009-9830-8},
  em = {jane@fysik.dtu.dk},
  fu = {Danish National Research Foundation; EU[PIEF-GA-2008-220055]},
  fx = {This study was supported by the Danish National Research Foundation
	andEOLEOLthe EU FWP7 Marie Curie Intra-European Fellowship ESRCNEOLEOL(PIEF-GA-2008-220055).
	The use of facilities at the Center of ElectronEOLEOLNanoscopy (CEN)
	at DTU is acknowledged.},
  ga = {586EB},
  j9 = {J NANOPART RES},
  ji = {J. Nanopart. Res.},
  keywords = {ORIENTED PYROLYTIC-GRAPHITE; AMMONIA-SYNTHESIS; SUPPORTED RUTHENIUM;
	FISCHER-TROPSCH; STRUCTURE SENSITIVITY; GOLD NANOPARTICLES; CATALYTIC-ACTIVITY;
	CO DISSOCIATION; METAL PARTICLES; MODEL CATALYSTS},
  la = {English},
  nr = {55},
  owner = {thomas},
  pa = {VAN GODEWIJCKSTRAAT 30, 3311 GZ DORDRECHT, NETHERLANDS},
  pg = {14},
  pi = {DORDRECHT},
  publisher = {Springer},
  rp = {Nielsen, JH (reprint author), Tech Univ Denmark, Ctr Individual Nanoparticle
	Funct, Dept Phys, Nano DTU, DK-2800 Lyngby, Denmark},
  sc = {Chemistry; Science & Technology - Other Topics; Materials Science},
  sn = {1388-0764},
  tc = {4},
  timestamp = {2012.02.07},
  ut = {WOS:000276883600018},
  wc = {Chemistry, Multidisciplinary; Nanoscience & Nanotechnology; MaterialsEOLEOLScience,
	Multidisciplinary},
  z9 = {4}
}

@ARTICLE{Nielsen2009,
  author = {Nielsen, R. M. and Murphy, S. and Strebel, C. and Johansson, M. and
	Nielsen, J. H. and Chorkendorff, I.},
  title = {A comparative STM study of Ru nanoparticles deposited on HOPG by
	mass-selected gas aggregation versus thermal evaporation RID A-9089-2011
	RID C-7282-2008},
  journal = {Surface Science},
  year = {2009},
  volume = {603},
  pages = {3420--3430},
  number = {24},
  month = dec,
  af = {Nielsen, R. M.EOLEOLMurphy, S.EOLEOLStrebel, C.EOLEOLJohansson, M.EOLEOLNielsen,
	J. H.EOLEOLChorkendorff, I.},
  c1 = {[Nielsen, R. M.; Murphy, S.; Strebel, C.; Johansson, M.; Nielsen,
	J. H.; Chorkendorff, I.] Tech Univ Denmark, Ctr Individual Nanoparticle
	Funct, DK-2800 Kongens Lyngby, Denmark.},
  de = {Scanning tunneling microscopy; Nanoparticles; Ruthenium; Graphite},
  doi = {10.1016/j.susc.2009.10.005},
  em = {shmurphy@fysik.dtu.dk},
  fu = {Danish National Research Foundation; EU FWP7 Marie Curie Intra-EuropeanEOLEOLFellowship
	ESRCN[PIEF-GA-2008-220055]},
  fx = {This work was supported by the Danish National Research Foundation
	andEOLEOLthe EU FWP7 Marie Curie Intra-European Fellowship ESRCNEOLEOL(PIEF-GA-2008-220055).},
  ga = {532QH},
  j9 = {SURF SCI},
  ji = {Surf. Sci.},
  keywords = {ENERGETIC CLUSTER-IMPACT; AMMONIA-SYNTHESIS; GRAPHITE SURFACES; AG
	CLUSTERS; PYROLYTIC-GRAPHITE; SILVER CLUSTERS; METAL-CLUSTERS; SIZE;
	CATALYSTS; CO},
  la = {English},
  nr = {44},
  owner = {thomas},
  pa = {PO BOX 211, 1000 AE AMSTERDAM, NETHERLANDS},
  pg = {11},
  pi = {AMSTERDAM},
  publisher = {Elsevier Science Bv},
  rp = {Murphy, S (reprint author), Tech Univ Denmark, Ctr Individual Nanoparticle
	Funct, DK-2800 Kongens Lyngby, Denmark},
  sc = {Chemistry; Physics},
  sn = {0039-6028},
  tc = {3},
  timestamp = {2012.02.07},
  ut = {WOS:000272764000006},
  wc = {Chemistry, Physical; Physics, Condensed Matter},
  z9 = {3}
}

@ARTICLE{SALES1982,
  author = {Sales, B. C. and Turner, J. E. and Maple, M. B.},
  title = {Oscillatory Oxidation of Co Over Pt, Pd and Ir Catalysts - Theory},
  journal = {Surface Science},
  year = {1982},
  volume = {114},
  pages = {381--394},
  number = {2-3},
  af = {SALES, BCEOLEOLTURNER, JEEOLEOLMAPLE, MB},
  doi = {10.1016/0039-6028(82)90692-6},
  ga = {NG008},
  j9 = {SURF SCI},
  ji = {Surf. Sci.},
  la = {English},
  nr = {34},
  owner = {robertj},
  pa = {PO BOX 211, 1000 AE AMSTERDAM, NETHERLANDS},
  pg = {14},
  pi = {AMSTERDAM},
  publisher = {Elsevier Science Bv},
  rp = {SALES, BC (reprint author), UNIV CALIF SAN DIEGO,INST PURE & APPL
	SCI,LA JOLLA,CA 92093, USA},
  sc = {Chemistry; Physics},
  sn = {0039-6028},
  tc = {241},
  timestamp = {2012.01.30},
  ut = {WOS:A1982NG00800008},
  wc = {Chemistry, Physical; Physics, Condensed Matter},
  z9 = {242}
}

@ARTICLE{Shao2011,
  author = {Shao, M. H. and Peles, A. and Shoemaker, K.},
  title = {Electrocatalysis on Platinum Nanoparticles: Particle Size Effect
	on Oxygen Reduction Reaction Activity},
  journal = {Nano Letters},
  year = {2011},
  volume = {11},
  pages = {3714--3719},
  number = {9},
  month = sep,
  af = {Shao, MinhuaEOLEOLPeles, AmraEOLEOLShoemaker, Krista},
  c1 = {[Shao, Minhua; Shoemaker, Krista] UTC Power, S Windsor, CT 06074 USA.EOLEOL[Peles,
	Amra] United Technol Res Ctr, E Hartford, CT 06118 USA.},
  de = {Electrochemistry; fuel cells; heterogeneous catalysis; monolayers;EOLEOLdensity
	functional theory calculations},
  doi = {10.1021/nl2017459},
  em = {minhua.shao@utcpower.comEOLEOLpelesa@utrc.utc.com},
  fu = {Office of Science of the Department of Energy[DE-AC05-00OR22725]},
  ga = {818XO},
  j9 = {NANO LETT},
  ji = {Nano Lett.},
  keywords = {FUEL-CELL ELECTROCATALYSTS; ELECTROCHEMICAL REDUCTION; CRYSTALLITE
	SIZE; CATALYTIC-ACTIVITY; MONOLAYER ELECTROCATALYSTS; ELECTRONIC-STRUCTURE;
	METAL-SURFACES; ACID-SOLUTIONS; THIN-FILM; ELECTROREDUCTION},
  la = {English},
  nr = {47},
  owner = {robert},
  pa = {1155 16TH ST, NW, WASHINGTON, DC 20036 USA},
  pg = {6},
  pi = {WASHINGTON},
  publisher = {Amer Chemical Soc},
  rp = {Shao, MH (reprint author), UTC Power, S Windsor, CT 06074 USA},
  sc = {Chemistry; Science & Technology - Other Topics; Materials Science;EOLEOLPhysics},
  sn = {1530-6984},
  tc = {4},
  timestamp = {2012.04.09},
  ut = {WOS:000294790200035},
  wc = {Chemistry, Multidisciplinary; Chemistry, Physical; Nanoscience &EOLEOLNanotechnology;
	Materials Science, Multidisciplinary; Physics, Applied;EOLEOLPhysics,
	Condensed Matter},
  z9 = {4}
}

@ARTICLE{SINCLAIR1993,
  author = {Sinclair, A. R. E. and Gosline, J. M. and Holdsworth, G. and Krebs,
	C. J. and Boutin, S. and Smith, J. N. M. and Boonstra, R. and Dale,
	M.},
  title = {Can the Solar-cycle and Climate Synchronize the Snowshoe Hare Cycle
	In Canada - Evidence From Tree Rings and Ice Cores},
  journal = {American Naturalist},
  year = {1993},
  volume = {141},
  pages = {173--198},
  number = {2},
  month = feb,
  af = {SINCLAIR, AREEOLEOLGOSLINE, JMEOLEOLHOLDSWORTH, GEOLEOLKREBS, CJEOLEOLBOUTIN,
	SEOLEOLSMITH, JNMEOLEOLBOONSTRA, REOLEOLDALE, M},
  c1 = {NATL HYDROL RES INST,SASKATOON S7N 3H5,SK,CANADA.EOLEOLUNIV CALGARY,INST
	ARTIC,CALGARY T2N 1N4,ALBERTA,CANADA.EOLEOLUNIV ALBERTA,DEPT ZOOL,EDMONTON
	T6G 2E9,ALBERTA,CANADA.EOLEOLUNIV TORONTO,SCARBOROUGH COLL,DEPT LIFE
	SCI,TORONTO M1C 1A4,ONTARIO,CANADA.},
  doi = {10.1086/285468},
  ga = {KL890},
  j9 = {AM NAT},
  ji = {Am. Nat.},
  keywords = {PLANT SECONDARY COMPOUNDS; POPULATION BIOLOGY; NORTHWESTERN MINNESOTA;
	OSCILLATION; TEMPERATURE; VARIABILITY; IRRADIANCE; 10-YEAR; SIGNALS;
	RECORDS},
  la = {English},
  nr = {46},
  owner = {robertj},
  pa = {5720 S WOODLAWN AVE, CHICAGO, IL 60637},
  pg = {26},
  pi = {CHICAGO},
  publisher = {Univ Chicago Press},
  rp = {SINCLAIR, ARE (reprint author), UNIV BRITISH COLUMBIA,DEPT ZOOL,VANCOUVER
	V6T 1Z4,BC,CANADA},
  sc = {Environmental Sciences & Ecology; Evolutionary Biology},
  sn = {0003-0147},
  tc = {97},
  timestamp = {2012.04.18},
  ut = {WOS:A1993KL89000001},
  wc = {Ecology; Evolutionary Biology},
  z9 = {100}
}

@ARTICLE{Singh2010,
  author = {Singh, J. and Nachtegaal, M. and Alayon, E. M. C. and Stotzel, J.
	and van Bokhoven, J. A.},
  title = {Dynamic Structure Changes of a Heterogeneous Catalyst within a Reactor:
	Oscillations in CO Oxidation over a Supported Platinum Catalyst},
  journal = {Chemcatchem},
  year = {2010},
  volume = {2},
  pages = {653--657},
  number = {6},
  month = jun,
  af = {Singh, JagdeepEOLEOLNachtegaal, MaartenEOLEOLAlayon, Evalyn M. C.EOLEOLStoetzel,
	JanEOLEOLvan Bokhoven, Jeroen A.},
  c1 = {[Singh, Jagdeep; Alayon, Evalyn M. C.; van Bokhoven, Jeroen A.] ETH,
	Inst Chem & Bioengn, CH-8093 Zurich, Switzerland.EOLEOL[Nachtegaal,
	Maarten; Alayon, Evalyn M. C.; van Bokhoven, Jeroen A.] Paul Scherrer
	Inst, CH-5232 Villigen, Switzerland.EOLEOL[Stoetzel, Jan] Univ Wuppertal,
	Fac C, Dept Phys, D-42119 Wuppertal, Germany.},
  de = {heterogeneous catalysis; kinetics; oxidation; platinum; spectroscopicEOLEOLmethods},
  doi = {10.1002/cctc.201000061},
  em = {j.a.vanbokhoven@chem.ethz.ch},
  fu = {Swiss National Science Foundation (SNF)},
  fx = {This work was supported by the Swiss National Science Foundation (SNF)EOLEOL(JS,
	EMA, JAvB). Authors thank Dr. Jeffrey T Miller, Argonne NationalEOLEOLLaboratory,
	USA for providing the catalyst samples.},
  ga = {620DL},
  j9 = {CHEMCATCHEM},
  ji = {ChemCatChem},
  keywords = {RAY-ABSORPTION SPECTROSCOPY; IN-SITU; KINETIC OSCILLATIONS; DISPERSIVE
	EXAFS; ISLAND FORMATION; CARBON-MONOXIDE; SURFACE; NANOPARTICLES;
	PT/AL2O3; RUO2(110)},
  la = {English},
  nr = {50},
  owner = {thomas},
  pa = {PO BOX 10 11 61, D-69451 WEINHEIM, GERMANY},
  pg = {5},
  pi = {WEINHEIM},
  publisher = {Wiley-v C H Verlag Gmbh},
  rp = {van Bokhoven, JA (reprint author), ETH, Inst Chem & Bioengn, CH-8093
	Zurich, Switzerland},
  sc = {Chemistry},
  sn = {1867-3880},
  tc = {7},
  timestamp = {2012.01.09},
  ut = {WOS:000279479100011},
  wc = {Chemistry, Physical},
  z9 = {7}
}

@ARTICLE{Svensmark1998,
  author = {Svensmark, H.},
  title = {Influence of cosmic rays on Earth's climate},
  journal = {Physical Review Letters},
  year = {1998},
  volume = {81},
  pages = {5027--5030},
  number = {22},
  month = nov,
  af = {Svensmark, H},
  c1 = {Danish Metrol Inst, Solar Terr Phys Div, DK-2100 Copenhagen O, Denmark.},
  doi = {10.1103/PhysRevLett.81.5027},
  ga = {142WT},
  j9 = {PHYS REV LETT},
  ji = {Phys. Rev. Lett.},
  keywords = {SOLAR-CYCLE; CLOUD; VARIABILITY; MODULATION; RADIATION; LENGTH},
  la = {English},
  nr = {26},
  owner = {robert},
  pa = {ONE PHYSICS ELLIPSE, COLLEGE PK, MD 20740-3844 USA},
  pg = {4},
  pi = {COLLEGE PK},
  publisher = {American Physical Soc},
  rp = {Svensmark, H (reprint author), Danish Space Res Inst, Juliane Maries
	Vej 30, DK-2100 Copenhagen O, Denmark},
  sc = {Physics},
  sn = {0031-9007},
  tc = {170},
  timestamp = {2012.04.09},
  ut = {WOS:000077223900061},
  wc = {Physics, Multidisciplinary},
  z9 = {172}
}

@ARTICLE{Svensmark1997,
  author = {Svensmark, H. and Friis-Christensen, E.},
  title = {Variation of cosmic ray flux and global cloud coverage - A missing
	link in solar-climate relationships},
  journal = {Journal of Atmospheric and Solar-terrestrial Physics},
  year = {1997},
  volume = {59},
  pages = {1225--1232},
  number = {11},
  month = jul,
  af = {Svensmark, HEOLEOLFriisChristensen, E},
  doi = {10.1016/S1364-6826(97)00001-1},
  ga = {XD895},
  j9 = {J ATMOS SOL-TERR PHY},
  ji = {J. Atmos. Sol.-Terr. Phys.},
  keywords = {MAUNDER MINIMUM; RADIATION; ISCCP; VARIABILITY; CENTURIES; LENGTH;
	CYCLE},
  la = {English},
  nr = {34},
  owner = {robert},
  pa = {THE BOULEVARD, LANGFORD LANE, KIDLINGTON, OXFORD, ENGLAND OX5 1GB},
  pg = {8},
  pi = {OXFORD},
  publisher = {Pergamon-elsevier Science Ltd},
  rp = {Svensmark, H (reprint author), DANISH METEOROL INST,SOLAR TERR PHYS
	DIV,LYNGBYVEJ 100,DK-2100 COPENHAGEN 0,DENMARK},
  sc = {Geochemistry & Geophysics; Meteorology & Atmospheric Sciences},
  sn = {1364-6826},
  tc = {516},
  timestamp = {2012.04.09},
  ut = {WOS:A1997XD89500001},
  wc = {Geochemistry & Geophysics; Meteorology & Atmospheric Sciences},
  z9 = {523}
}

@BOOK{Dynamics-Bog,
  title = {Dynamics of Surfaces and Reaction in Heterogeneous Catalysis},
  publisher = {Elsevier Science},
  year = {1997},
  editor = {G.F. Forment and K.C. Waugh},
  author = {H. Tops{\o}e and C.V. Ovesen and B. S. Clausen and P.E. H{\o}jlund
	Nielsen and N. Y. Tops{\o}e and E. T{\o}rnqvist and J.K. N{\o}rskov},
  pages = {121},
  owner = {robert},
  timestamp = {2012.04.09}
}

@ARTICLE{Tsang2008,
  author = {Tsang, S. C. and Cailuo, N. and Oduro, W. and Kong, A. T. S. and
	Clifton, L. and Yu, K. M. K. and Thiebaut, B. and Cookson, J. and
	Bishop, P.},
  title = {Engineering Preformed Cobalt-Doped Platinum Nanocatalysts For Ultraselective
	Hydrogenation},
  journal = {Acs Nano},
  year = {2008},
  volume = {2},
  pages = {2547--2553},
  number = {12},
  month = dec,
  af = {Tsang, Shik ChiEOLEOLCailuo, NickEOLEOLOduro, WilliamEOLEOLKong, Adam
	T. S.EOLEOLClifton, L.EOLEOLYu, K. M. KerryEOLEOLThiebaut, BenedicteEOLEOLCookson,
	JamesEOLEOLBishop, Peter},
  c1 = {[Tsang, Shik Chi; Cailuo, Nick; Oduro, William; Kong, Adam T. S.;
	Clifton, L.; Yu, K. M. Kerry] Univ Oxford, Wolfson Catalysis Ctr,
	Oxford OX1 3QR, England.EOLEOL[Thiebaut, Benedicte; Cookson, James;
	Bishop, Peter] Johnson Matthey Technol Ctr, Reading RG4 9NH, Berks,
	England.},
  de = {size effect; catalytically active site; bimetallic; hydrogenation;EOLEOLelectronic
	effect; site blocking},
  doi = {10.1021/nn800400u},
  em = {edman.tsang@chem.ox.ac.uk},
  ga = {388MJ},
  j9 = {ACS NANO},
  ji = {ACS Nano},
  keywords = {SELECTIVE HYDROGENATION; ALPHA,BETA-UNSATURATED ALDEHYDES; CATALYSTS;
	PARTICLES; CINNAMALDEHYDE; NANOPARTICLES; PT/GRAPHITE; SURFACES;
	ALCOHOL; SUPPORT},
  la = {English},
  nr = {23},
  owner = {robert},
  pa = {1155 16TH ST, NW, WASHINGTON, DC 20036 USA},
  pg = {7},
  pi = {WASHINGTON},
  publisher = {Amer Chemical Soc},
  rp = {Tsang, SC (reprint author), Univ Oxford, Wolfson Catalysis Ctr, S
	Parks Rd, Oxford OX1 3QR, England},
  sc = {Chemistry; Science & Technology - Other Topics; Materials Science},
  sn = {1936-0851},
  tc = {13},
  timestamp = {2012.04.09},
  ut = {WOS:000262023600021},
  wc = {Chemistry, Multidisciplinary; Chemistry, Physical; Nanoscience &EOLEOLNanotechnology;
	Materials Science, Multidisciplinary},
  z9 = {13}
}

@ARTICLE{Vesborg2010,
  author = {Vesborg, P. C. K. and Olsen, J. L. and Henriksen, T. R. and Chorkendorff,
	I. and Hansen, O.},
  title = {Note: Anodic bonding with cooling of heat-sensitive areas RID A-4980-2010
	RID C-7282-2008 RID C-4480-2011},
  journal = {Review of Scientific Instruments},
  year = {2010},
  volume = {81},
  pages = {016111},
  number = {1},
  month = jan,
  af = {Vesborg, Peter C. K.EOLEOLOlsen, Jakob L.EOLEOLHenriksen, Toke R.EOLEOLChorkendorff,
	IbEOLEOLHansen, Ole},
  c1 = {[Vesborg, Peter C. K.; Olsen, Jakob L.; Henriksen, Toke R.; Chorkendorff,
	Ib; Hansen, Ole] Tech Univ Denmark, Dept Phys, CINF, DK-2800 Lyngby,
	Denmark.EOLEOL[Henriksen, Toke R.; Hansen, Ole] Tech Univ Denmark,
	Dept Micro & Nanotechnol, DK-2800 Lyngby, Denmark.},
  de = {bonds (chemical); borosilicate glasses; cooling; elementalEOLEOLsemiconductors;
	heating; silicon; thermal conductivity},
  doi = {10.1063/1.3277117},
  em = {peter.vesborg@fysik.dtu.dk},
  fu = {Danish National Research Foundation},
  fx = {CINF is funded by the Danish National Research Foundation.},
  ga = {551BG},
  j9 = {REV SCI INSTRUM},
  ji = {Rev. Sci. Instrum.},
  keywords = {GLASS},
  la = {English},
  nr = {9},
  owner = {robert},
  pa = {CIRCULATION & FULFILLMENT DIV, 2 HUNTINGTON QUADRANGLE, STE 1 N O
	1,EOLEOLMELVILLE, NY 11747-4501 USA},
  pg = {3},
  pi = {MELVILLE},
  publisher = {Amer Inst Physics},
  rp = {Vesborg, PCK (reprint author), Tech Univ Denmark, Dept Phys, CINF,
	Bldg 312, DK-2800 Lyngby, Denmark},
  sc = {Instruments & Instrumentation; Physics},
  sn = {0034-6748},
  tc = {4},
  timestamp = {2012.01.10},
  ut = {WOS:000274179800068},
  wc = {Instruments & Instrumentation; Physics, Applied},
  z9 = {4}
}

@ARTICLE{ZAIKIN1970,
  author = {Zaikin, A. N. and Zhabotin, A.M.},
  title = {Concentration Wave Propagation In 2-dimensional Liquid-phase Self-oscillating
	System},
  journal = {Nature},
  year = {1970},
  volume = {225},
  pages = {535--537},
  number = {5232},
  af = {ZAIKIN, ANEOLEOLZHABOTIN.AM},
  doi = {10.1038/225535b0},
  ga = {F2857},
  j9 = {NATURE},
  ji = {Nature},
  la = {English},
  nr = {16},
  owner = {robert},
  pa = {PORTERS SOUTH, 4 CRINAN ST, LONDON N1 9XW, ENGLAND},
  pg = {0},
  pi = {LONDON},
  publisher = {Macmillan Magazines Ltd},
  sc = {Science & Technology - Other Topics},
  sn = {0028-0836},
  tc = {996},
  timestamp = {2012.04.09},
  ut = {WOS:A1970F285700033},
  wc = {Multidisciplinary Sciences},
  z9 = {1006}
}

@ARTICLE{Zhang2011,
  author = {Zhang, H. and Jin, M. S. and Liu, H. Y. and Wang, J. G. and Kim,
	M. J. and Yang, D. R. and Xie, Z. X. and Liu, J. Y. and Xia, Y. N.},
  title = {Facile Synthesis of Pd-Pt Alloy Nanocages and Their Enhanced Performance
	for Preferential Oxidation of CO in Excess Hydrogen},
  journal = {Acs Nano},
  year = {2011},
  volume = {5},
  pages = {8212--8222},
  number = {10},
  month = oct,
  __markedentry = {[robertj:]},
  af = {Zhang, HuiEOLEOLJin, MingshangEOLEOLLiu, HongyangEOLEOLWang, JinguoEOLEOLKim,
	Moon J.EOLEOLYang, DerenEOLEOLXie, ZhaoxiongEOLEOLLiu, JingyueEOLEOLXia,
	Younan},
  c1 = {[Zhang, Hui; Jin, Mingshang; Xia, Younan] Washington Univ, Dept Biomed
	Engn, St Louis, MO 63130 USA.EOLEOL[Zhang, Hui; Yang, Deren] Zhejiang
	Univ, State Key Lab Silicon Mat, Hangzhou 310027, Zhejiang, Peoples
	R China.EOLEOL[Zhang, Hui; Yang, Deren] Zhejiang Univ, Dept Mat Sci
	& Engn, Hangzhou 310027, Zhejiang, Peoples R China.EOLEOL[Jin, Mingshang;
	Xie, Zhaoxiong] Xiamen Univ, State Key Lab Phys Chem Solid Surfaces,
	Xiamen 361005, Fujian, Peoples R China.EOLEOL[Jin, Mingshang; Xie,
	Zhaoxiong] Xiamen Univ, Dept Chem, Xiamen 361005, Fujian, Peoples
	R China.EOLEOL[Wang, Jinguo; Kim, Moon J.] Univ Texas Dallas, Dept
	Mat Sci, Richardson, TX 75083 USA.EOLEOL[Liu, Hongyang; Liu, Jingyue]
	Univ Missouri, Ctr Nanosci, Dept Phys & Astron, St Louis, MO 63121
	USA.EOLEOL[Liu, Hongyang; Liu, Jingyue] Univ Missouri, Dept Chem
	& Biochem, St Louis, MO 63121 USA.},
  de = {Pd-Pt alloy nanocages; PROX; galvanic replacement; coreduction; PdEOLEOLnanocubes},
  doi = {10.1021/nn202896q},
  em = {xia@biomed.wustl.edu},
  fu = {DOE; University of Delaware[DE-FG02-03 ER15468]; Washington UniversityEOLEOLin
	St. Louis; Zhejiang University; China Scholarship Council; CNMT underEOLEOLMEST,
	Korea[2010K000336]; NSF[ECS-0335765]},
  ga = {837MU},
  j9 = {ACS NANO},
  ji = {ACS Nano},
  keywords = {OXYGEN-REDUCTION REACTIONS; CARBON-MONOXIDE; NANOSTRUCTURED MATERIALS;
	SHELL NANOPARTICLES; FUEL-CELLS; NANOCRYSTALS; PLATINUM; CATALYSTS;
	NANOTUBES; ELECTROCATALYSTS},
  la = {English},
  nr = {46},
  owner = {robertj},
  pa = {1155 16TH ST, NW, WASHINGTON, DC 20036 USA},
  pg = {11},
  pi = {WASHINGTON},
  publisher = {Amer Chemical Soc},
  rp = {Xia, YN (reprint author), Washington Univ, Dept Biomed Engn, St Louis,
	MO 63130 USA},
  sc = {Chemistry; Science & Technology - Other Topics; Materials Science},
  sn = {1936-0851},
  tc = {5},
  timestamp = {2012.04.19},
  ut = {WOS:000296208700075},
  wc = {Chemistry, Multidisciplinary; Chemistry, Physical; Nanoscience &EOLEOLNanotechnology;
	Materials Science, Multidisciplinary},
  z9 = {5}
}

@ARTICLE{Zhdanov2002,
  author = {Zhdanov, V. P. and Kasemo, B.},
  title = {Kinetic oscillations on nm-sized catalyst particles: Surface restructuring},
  journal = {Surface Science},
  year = {2002},
  volume = {513},
  pages = {L385--L390},
  number = {1},
  month = jul,
  af = {Zhdanov, VPEOLEOLKasemo, B},
  c1 = {Russian Acad Sci, Boreskov Inst Catalysis, Novosibirsk 630090, Russia.EOLEOLChalmers
	Univ Technol, Dept Appl Phys, S-41296 Gothenburg, Sweden.},
  de = {catalysis; models of surface chemical reactions; models ofEOLEOLnon-equilibrium
	phenomena; Monte Carlo simulations; carbon monoxide;EOLEOLoxygen},
  doi = {10.1016/S0039-6028(02)01829-0},
  ga = {572BA},
  j9 = {SURF SCI},
  ji = {Surf. Sci.},
  keywords = {HETEROGENEOUS CATALYSIS; CO-OXIDATION; PT/SIO2; PT(100); SCALE},
  la = {English},
  nr = {16},
  owner = {robertj},
  pa = {PO BOX 211, 1000 AE AMSTERDAM, NETHERLANDS},
  pg = {6},
  pi = {AMSTERDAM},
  publisher = {Elsevier Science Bv},
  rp = {Zhdanov, VP (reprint author), Russian Acad Sci, Boreskov Inst Catalysis,
	Novosibirsk 630090, Russia},
  sc = {Chemistry; Physics},
  sn = {0039-6028},
  tc = {9},
  timestamp = {2012.01.26},
  ut = {WOS:000176752600001},
  wc = {Chemistry, Physical; Physics, Condensed Matter},
  z9 = {9}
}

